@inproceedings{choi2015auralisation,
  title={Auralisation of deep convolutional neural networks: Listening to learned features},
  author={Choi, Keunwoo and Fazekas, George and Sandler, Mark and Kim, Jeonghee},
  booktitle={Proceedings of the International Society for Music Information Retrieval Conference, Malaga, Spain},
  pages={26--30},
  year={2015}
}

@article{choi2016explaining,
  title={Explaining deep convolutional neural networks on music classification},
  author={Choi, Keunwoo and Fazekas, George and Sandler, Mark},
  journal={arXiv preprint arXiv:1607.02444},
  year={2016}
}
@article{chen2017masquer,
  title={Masquer Hunter: Adversarial Occlusion-aware Face Detection},
  author={Chen, Yujia and Song, Lingxiao and He, Ran},
  journal={arXiv preprint arXiv:1709.05188},
  year={2017}
}
@inproceedings{zeiler2014visualizing,
  title={Visualizing and understanding convolutional networks},
  author={Zeiler, Matthew D and Fergus, Rob},
  booktitle={European conference on computer vision},
  pages={818--833},
  year={2014},
  organization={Springer}
}
@article{han2017deep,
  title={Deep convolutional neural networks for predominant instrument recognition in polyphonic music},
  author={Han, Yoonchang and Kim, Jaehun and Lee, Kyogu and Han, Yoonchang and Kim, Jaehun and Lee, Kyogu},
  journal={IEEE/ACM Transactions on Audio, Speech and Language Processing (TASLP)},
  volume={25},
  number={1},
  pages={208--221},
  year={2017},
  publisher={IEEE Press}
}
@article{choi2016automatic,
  title={Automatic tagging using deep convolutional neural networks},
  author={Choi, Keunwoo and Fazekas, George and Sandler, Mark},
  journal={arXiv preprint arXiv:1606.00298},
  year={2016}
}
@article{park2015musical,
  title={Musical instrument sound classification with deep convolutional neural network using feature fusion approach},
  author={Park, Taejin and Lee, Taejin},
  journal={arXiv preprint arXiv:1512.07370},
  year={2015}
}
@article{yundeep,
  title={Deep Learning for Musical Instrument Recognition},
  author={Yun, Mingqing and Bi, Jing}
}

@article{gomezjazz,
  title={JAZZ SOLO INSTRUMENT CLASSIFICATION WITH CONVOLUTIONAL NEURAL NETWORKS, SOURCE SEPARATION, AND TRANSFER LEARNING},
  author={G{\'o}mez, Juan S and Abe{\ss}er, Jakob and Cano, Estefan{\i}a},
  year={2018}
}
@article{hung2018frame,
  title={Frame-level instrument recognition by timbre and pitch},
  author={Hung, Yun-Ning and Yang, Yi-Hsuan},
  journal={arXiv preprint arXiv:1806.09587},
  year={2018}
}
@article{lostanlen2016deep,
  title={Deep convolutional networks on the pitch spiral for musical instrument recognition},
  author={Lostanlen, Vincent and Cella, Carmine-Emanuele},
  journal={arXiv preprint arXiv:1605.06644},
  year={2016}
}

@article{goto2003rwc,
  title={RWC music database: Music genre database and musical instrument sound database},
  author={Goto, Masataka and Hashiguchi, Hiroki and Nishimura, Takuichi and Oka, Ryuichi},
  year={2003},
  publisher={Johns Hopkins University}
}

@inproceedings{bock2016madmom,
  title={Madmom: A new Python audio and music signal processing library},
  author={B{\"o}ck, Sebastian and Korzeniowski, Filip and Schl{\"u}ter, Jan and Krebs, Florian and Widmer, Gerhard},
  booktitle={Proceedings of the 2016 ACM on Multimedia Conference},
  pages={1174--1178},
  year={2016},
  organization={ACM}
}
@inproceedings{mcfee2015librosa,
  title={librosa: Audio and music signal analysis in python},
  author={McFee, Brian and Raffel, Colin and Liang, Dawen and Ellis, Daniel PW and McVicar, Matt and Battenberg, Eric and Nieto, Oriol},
  booktitle={Proceedings of the 14th python in science conference},
  pages={18--25},
  year={2015}
}

@inproceedings{glorot2010understanding,
  title={Understanding the difficulty of training deep feedforward neural networks},
  author={Glorot, Xavier and Bengio, Yoshua},
  booktitle={Proceedings of the thirteenth international conference on artificial intelligence and statistics},
  pages={249--256},
  year={2010}
}

@article{kumar2017weight,
  title={On weight initialization in deep neural networks},
  author={Kumar, Siddharth Krishna},
  journal={arXiv preprint arXiv:1704.08863},
  year={2017}
}

@inproceedings{klambauer2017self,
  title={Self-normalizing neural networks},
  author={Klambauer, G{\"u}nter and Unterthiner, Thomas and Mayr, Andreas and Hochreiter, Sepp},
  booktitle={Advances in Neural Information Processing Systems},
  pages={971--980},
  year={2017}
}

@article{jiang2017effective,
  title={An Effective Training Method For Deep Convolutional Neural Network},
  author={Jiang, Yang and Dou, Zeyang and Hao, Qun and Cao, Jie and Gao, Kun and Chen, Xi},
  journal={arXiv preprint arXiv:1708.01666},
  year={2017}
}

@article{ioffe2015batch,
  title={Batch normalization: Accelerating deep network training by reducing internal covariate shift},
  author={Ioffe, Sergey and Szegedy, Christian},
  journal={arXiv preprint arXiv:1502.03167},
  year={2015}
}

@article{srivastava2014dropout,
  title={Dropout: a simple way to prevent neural networks from overfitting},
  author={Srivastava, Nitish and Hinton, Geoffrey and Krizhevsky, Alex and Sutskever, Ilya and Salakhutdinov, Ruslan},
  journal={The Journal of Machine Learning Research},
  volume={15},
  number={1},
  pages={1929--1958},
  year={2014},
  publisher={JMLR. org}
}

@article{kingma2014adam,
  title={Adam: A method for stochastic optimization},
  author={Kingma, Diederik P and Ba, Jimmy},
  journal={arXiv preprint arXiv:1412.6980},
  year={2014}
}


